@article{shannon1948mathematical,
  title={A mathematical theory of communication},
  author={Shannon, Claude E},
  journal={The Bell system technical journal},
  volume={27},
  number={3},
  pages={379--423},
  year={1948},
  publisher={Nokia Bell Labs}
}


@article{hauser2002faculty,
  title={The faculty of language: what is it, who has it, and how did it evolve?},
  author={Hauser, Marc D and Chomsky, Noam and Fitch, W Tecumseh},
  journal={science},
  volume={298},
  number={5598},
  pages={1569--1579},
  year={2002},
  publisher={American Association for the Advancement of Science}
}

@article{fitch2004computational,
  title={Computational constraints on syntactic processing in a nonhuman primate},
  author={Fitch, W Tecumseh and Hauser, Marc D},
  journal={Science},
  volume={303},
  number={5656},
  pages={377--380},
  year={2004},
  publisher={American Association for the Advancement of Science}
}

